<record><leader>00000cas a22000007a 4500</leader><controlfield tag="001">24636337</controlfield><controlfield tag="008">911028d18791uuunyuwr ne      0    0eng d</controlfield><datafield ind1=" " ind2=" " tag="010"><subfield code="a">sn 91066742 </subfield></datafield><datafield ind1=" " ind2=" " tag="040"><subfield code="a">NYS</subfield><subfield code="b">eng</subfield><subfield code="c">NYS</subfield><subfield code="d">OCLCQ</subfield></datafield><datafield ind1=" " ind2=" " tag="042"><subfield code="a">msc</subfield></datafield><datafield ind1="0" ind2="4" tag="245"><subfield code="a">The Chenango press.</subfield></datafield><datafield ind1="1" ind2="3" tag="246"><subfield code="a">Weekly press</subfield></datafield><datafield ind1=" " ind2=" " tag="260"><subfield code="a">Guilford, N.Y. :</subfield><subfield code="b">C.C. &amp; C.O. Brown</subfield></datafield><datafield ind1=" " ind2=" " tag="300"><subfield code="a">v. ;</subfield><subfield code="c">56 cm.</subfield></datafield><datafield ind1=" " ind2=" " tag="310"><subfield code="a">Weekly</subfield></datafield><datafield ind1="1" ind2=" " tag="362"><subfield code="a">Began in Nov. 1879.</subfield></datafield><datafield ind1=" " ind2=" " tag="588"><subfield code="a">Description based on: Vol. 1, no. 43 (Nov. 19, 1879).</subfield></datafield><datafield ind1=" " ind2="4" tag="651"><subfield code="a">Guilford (N.Y.)</subfield><subfield code="v">Newspapers.</subfield></datafield><datafield ind1=" " ind2=" " tag="752"><subfield code="a">United States</subfield><subfield code="b">New York</subfield><subfield code="c">Chenango</subfield><subfield code="d">Guilford.</subfield></datafield><datafield ind1="0" ind2="0" tag="780"><subfield code="t">News and wave</subfield><subfield code="w">(DLC)sn 91066741</subfield></datafield><datafield ind1="1" ind2=" " tag="029"><subfield code="a">AU@</subfield><subfield code="b">000025852063</subfield></datafield></record>